@article{Fox:2013:MS:2534706.2535918,
 author = {Fox, Armando},
 title = {From MOOCs to SPOCs},
 journal = {Commun. ACM},
 issue_date = {December 2013},
 volume = {56},
 number = {12},
 month = dec,
 year = {2013},
 issn = {0001-0782},
 pages = {38--40},
 numpages = {3},
 url = {http://doi.acm.org/10.1145/2535918},
 doi = {10.1145/2535918},
 acmid = {2535918},
 publisher = {ACM},
 address = {New York, NY, USA},
}

@INPROCEEDINGS{7020256, 
author={Sharma, A. and Rani, R.}, 
booktitle={MOOC, Innovation and Technology in Education (MITE), 2014 IEEE International Conference on}, 
title={A 3-level model for implementing MOOC in India}, 
year={2014}, 
month={Dec}, 
pages={132-137}, 
keywords={courseware;educational courses;educational institutions;engineering education;3-level model;BLMM;Indian education system;MOOC implementation;collective learning;distant learning;educational universities;engineering colleges;general MOOC scenario;massive-open online course;massive-user involvement;three-level implementation models;Computers;Conferences;Educational institutions;Internet;Materials;Technological innovation;BLMM;Flipped classes;MOOC;OCW;OER;SPOC}, 
doi={10.1109/MITE.2014.7020256},}

@ARTICLE{6588857, 
author={Kay, J. and Reimann, P. and Diebold, E. and Kummerfeld, B.}, 
journal={Intelligent Systems, IEEE}, 
title={MOOCs: So Many Learners, So Much Potential ...}, 
year={2013}, 
month={May}, 
volume={28}, 
number={3}, 
pages={70-77}, 
keywords={artificial intelligence;computer aided instruction;educational courses;AIED landscape;MOOC;artificial intelligence in education;e-learning landscape;electronic learning;massive open online course;Electronic learning;Google;Intelligent systems;Learning systems;Least squares approximations;World Wide Web;YouTube;Electronic learning;Google;Intelligent systems;Learning systems;Least squares approximations;MOOC;World Wide Web;YouTube;educational data mining;intelligent systems;large-scale e-learning;learner modeling;learning analytics;massive open online course}, 
doi={10.1109/MIS.2013.66}, 
ISSN={1541-1672}

@inproceedings{ketamo2014learning,
  title={Learning Fingerprint: Adaptive Tutoring for MOOCs},
  author={Ketamo, Harri},
  booktitle={World Conference on Educational Multimedia, Hypermedia and Telecommunications},
  volume={2014},
  number={1},
  year={2014}
}

@inproceedings{sivamuni2013assembling,
  title={Assembling pieces of the MOOCs jigsaw puzzle},
  author={Sivamuni, Kalaimagal and Bhattacharya, Sujoy},
  booktitle={Innovation and Technology in Education (MITE), 2013 IEEE International Conference in MOOC},
  pages={393--398},
  year={2013},
  organization={IEEE}
}

@inproceedings{sonwalkar2013first,
  title={The first adaptive MOOC: A case study on pedagogy framework and scalable cloud Architectureâ€”Part I},
  author={Sonwalkar, Nishikant},
  booktitle={MOOCs Forum},
  volume={1},
  number={P},
  pages={22--29},
  year={2013},
  organization={Mary Ann Liebert, Inc. 140 Huguenot Street, 3rd Floor New Rochelle, NY 10801 USA}
}

@article{yousefreview,
  title={A Review of the State-of-the-Art},
  author={Yousef, Ahmed Mohamed Fahmy and Chatti, Mohamed Amine and Schroeder, Ulrik and andHarald Jakobs, Marold Wosnitza}
}

@inproceedings{yousef2014drives,
  title={What Drives a Successful MOOC? An Empirical Examination of Criteria to Assure Design Quality of MOOCs},
  author={Yousef, Ahmed Mohamed Fahmy and Chatti, Mohamed Amine and Schroeder, Ulrik and Wosnitza, Marold},
  booktitle={Advanced Learning Technologies (ICALT), 2014 IEEE 14th International Conference On},
  pages={44--48},
  year={2014},
  organization={IEEE}
}